@techreport{bus,   
title="Second Annual BSA and IDC Global Software Privacy Study", 
institution="Business Software Alliance and International Data Corporation.",
year="2005"
} 
@inproceedings{averbuch,
  title={An efficient vm-based software protection},
  author={Averbuch, Amir and Kiperberg, Michael and Zaidenberg, Nezer Jacob},
  booktitle={Network and System Security (NSS), 2011 5th International Conference on},
  pages={121--128},
  year={2011},
  organization={IEEE}
}
@inproceedings{pro,
  title={Proteus: virtualization for diversified tamper-resistance},
  author={Anckaert, Bertrand and Jakubowski, Mariusz and Venkatesan, Ramarathnam},
  booktitle={Proceedings of the ACM workshop on Digital rights management},
  pages={47--58},
  year={2006},
  organization={ACM}
}
@inproceedings{tam,
  title={Tamper resistant software: An implementation},
  author={Aucsmith, David},
  booktitle={Information Hiding},
  pages={317--333},
  year={1996},
  organization={Springer}
}
@incollection{prot,
  title={Protecting software code by guards},
  author={Chang, Hoi and Atallah, Mikhail J},
  booktitle={Security and privacy in digital rights management},
  pages={160--175},
  year={2001},
  publisher={Springer}
}
@incollection{dyn,
  title={Dynamic self-checking techniques for improved tamper resistance},
  author={Horne, Bill and Matheson, Lesley and Sheehan, Casey and Tarjan, Robert E},
  booktitle={Security and privacy in digital rights management},
  pages={141--159},
  year={2001},
  publisher={Springer}
}
@inproceedings{man,
  title={Manufacturing cheap, resilient, and stealthy opaque constructs},
  author={Collberg, Christian and Thomborson, Clark and Low, Douglas},
  booktitle={Proceedings of the 25th ACM SIGPLAN-SIGACT symposium on Principles of programming languages},
  pages={184--196},
  year={1998},
  organization={ACM}
}
@inproceedings{obf,
  title={Obfuscation of executable code to improve resistance to static disassembly},
  author={Linn, Cullen and Debray, Saumya},
  booktitle={Proceedings of the 10th ACM conference on Computer and communications security},
  pages={290--299},
  year={2003},
  organization={ACM}
}
@article{tamp,
  title={Tamper-proofing basis path by using oblivious hashing on Java},
  author={Chen, Hsiang-Yang and Hou, Ting-Wei and Lin, Chun-Liang},
  journal={ACM Sigplan Notices},
  volume={42},
  number={2},
  pages={9--16},
  year={2007},
  publisher={ACM}
}
@inproceedings{obl,
  title={Oblivious hashing: A stealthy software integrity verification primitive},
  author={Chen, Yuqun and Venkatesan, Ramarathnam and Cary, Matthew and Pang, Ruoming and Sinha, Saurabh and Jakubowski, Mariusz H},
  booktitle={Information Hiding},
  pages={400--414},
  year={2002},
  organization={Springer}
}
@inproceedings{sof,
  title={Software protection for dynamically-generated code},
  author={Ghosh, Sudeep and Hiser, Jason and Davidson, Jack W},
  booktitle={Proceedings of the 2nd ACM SIGPLAN Program Protection and Reverse Engineering Workshop},
  pages={1},
  year={2013},
  organization={ACM}
}
@inproceedings{sec,
  title={A secure and robust approach to software tamper resistance},
  author={Ghosh, Sudeep and Hiser, Jason D and Davidson, Jack W},
  booktitle={Information Hiding},
  pages={33--47},
  year={2010},
  organization={Springer}
}
@article{pio,
  title={Pioneer: verifying code integrity and enforcing untampered code execution on legacy systems},
  author={Seshadri, Arvind and Luk, Mark and Shi, Elaine and Perrig, Adrian and van Doorn, Leendert and Khosla, Pradeep},
  journal={ACM SIGOPS Operating Systems Review},
  volume={39},
  number={5},
  pages={1--16},
  year={2005},
  publisher={ACM}
}
@inproceedings{gen,
  title={A generic attack on checksumming-based software tamper resistance},
  author={Wurster, Glenn and Van Oorschot, Paul C and Somayaji, Anil},
  booktitle={Security and Privacy, 2005 IEEE Symposium on},
  pages={127--138},
  year={2005},
  organization={IEEE}
}
@inproceedings{on,
  title={On the difficulty of software-based attestation of embedded devices},
  author={Castelluccia, Claude and Francillon, Aur{\'e}lien and Perito, Daniele and Soriente, Claudio},
  booktitle={Proceedings of the 16th ACM conference on Computer and communications security},
  pages={400--409},
  year={2009},
  organization={ACM}
}
@misc{vir,
  title={Virtual Macine Design and Implementation in C/C++},
  author={Bill, Blunden},
  year={2002},
  publisher={Wordware Publishing}
}
@inproceedings{eva,
  title={Evaluating fragment construction policies for SDT systems},
  author={Hiser, Jason D and Williams, Daniel and Filipi, Adrian and Davidson, Jack W and Childers, Bruce R},
  booktitle={Proceedings of the 2nd international conference on Virtual execution environments},
  pages={122--132},
  year={2006},
  organization={ACM}
}
@inproceedings{ind,
  title={Evaluating indirect branch handling mechanisms in software dynamic translation systems},
  author={Hiser, Jason D and Williams, Daniel and Hu, Wei and Davidson, Jack W and Mars, Jason and Childers, Bruce R},
  booktitle={Proceedings of the International Symposium on Code Generation and Optimization},
  pages={61--73},
  year={2007},
  organization={IEEE Computer Society}
}
@inproceedings{hdt,
  title={HDTrans: an open source, low-level dynamic instrumentation system},
  author={Sridhar, Swaroop and Shapiro, Jonathan S and Northup, Eric and Bungale, Prashanth P},
  booktitle={Proceedings of the 2nd international conference on Virtual execution environments},
  pages={175--185},
  year={2006},
  organization={ACM}
}
@inproceedings{def,
  title={NISLVMP: Improved Virtual Machine-Based Software Protection},
  author={Wang, Huaijun and Fang, Dingyi and Li, Guanghui and Yin, Xiaoyan and Zhang, Bo and Gu, Yuanxiang},
  booktitle={Computational Intelligence and Security (CIS), 2013 9th International Conference on},
  pages={479--483},
  year={2013},
  organization={IEEE}
}
@article{uni,
  title={Checking Primitives with Guards},
  author={Zhang, Dong},
  year={2005},
}
@article{sil,
  title={Silver Needle in the Skype},
  author={Biondi, P. and Desclaux, F.},
  journal={Blackhat Europe},
  year={2006},
}
@incollection{mon,
  title={Software tamper resistance through dynamic program monitoring},
  author={Blietz, Brian and Tyagi, Akhilesh},
  booktitle={Digital Rights Management. Technologies, Issues, Challenges and Systems},
  pages={146--163},
  year={2006},
  publisher={Springer}
}
@book{virt,
  title={Virtual machines: versatile platforms for systems and processes},
  author={Smith, Jim and Nair, Ravi},
  year={2005},
  publisher={Elsevier}
}
@inproceedings{flow,
  title={Control Flow Integrity for COTS Binaries.},
  author={Zhang, Mingwei and Sekar, R},
  booktitle={Usenix Security},
  volume={13},
  year={2013}
}
@inproceedings{cell,
  title={Cell Broadband Engine? processor security architecture and digital content protection},
  author={Shimizu, Kanna and Nusser, Stefan and Plouffe, Wilfred and Zbarsky, Vladimir and Sakamoto, Masaharu and Murase, Masana},
  booktitle={Proceedings of the 4th ACM international workshop on Contents protection and security},
  pages={13--18},
  year={2006},
  organization={ACM}
}
@article{over,
  title={An overview ofNGSCB},
  author={Peinado, Marcus and England, Paul and Chen, Yuqun},
  journal={Trusted Computing},
  volume={6},
  pages={115},
  year={2005},
  publisher={IET}
}
@article{arch,
  title={Architectural support for copy and tamper resistant software},
  author={Lie, David and Thekkath, Chandramohan and Mitchell, Mark and Lincoln, Patrick and Boneh, Dan and Mitchell, John and Horowitz, Mark},
  journal={ACM SIGPLAN Notices},
  volume={35},
  number={11},
  pages={168--177},
  year={2000},
  publisher={ACM}
}
@inproceedings{aeg,
  title={AEGIS: architecture for tamper-evident and tamper-resistant processing},
  author={Suh, G Edward and Clarke, Dwaine and Gassend, Blaise and Van Dijk, Marten and Devadas, Srinivas},
  booktitle={Proceedings of the 17th annual international conference on Supercomputing},
  pages={160--171},
  year={2003},
  organization={ACM}
}
@techreport{tax,
  title={A taxonomy of obfuscating transformations. Department of Computer Sciences, The University of Auckland},
  author={Collberg, C and Thomborson, C and Low, Douglas and Low, D},
  year={1997},
  institution={Technical Report 148, July}
}
@inproceedings{obfu,
  title={Obfuscation of executable code to improve resistance to static disassembly},
  author={Linn, Cullen and Debray, Saumya},
  booktitle={Proceedings of the 10th ACM conference on Computer and communications security},
  pages={290--299},
  year={2003},
  organization={ACM}
}
@techreport{soft,
  title={Software tamper resistance: Obstructing static analysis of programs},
  author={Wang, Chenxi and Hill, Jonathan and Knight, John and Davidson, Jack},
  year={2000},
  institution={Technical Report CS-2000-12, University of Virginia, 12 2000}
}
@article{appr,
  title={SAFE-OPS: An approach to embedded software security},
  author={Zambreno, Joseph and Choudhary, Alok and Simha, Rahul and Narahari, Bhagi and Memon, Nasir},
  journal={ACM Transactions on Embedded Computing Systems (TECS)},
  volume={4},
  number={1},
  pages={189--210},
  year={2005},
  publisher={ACM}
}
@incollection{mult,
  title={Multi-stage binary code obfuscation using improved virtual machine},
  author={Fang, Hui and Wu, Yongdong and Wang, Shuhong and Huang, Yin},
  booktitle={Information Security},
  pages={168--181},
  year={2011},
  publisher={Springer}
}
@misc{the,
    title = {Themida},
    howpublished = {\url{http://www.oreans.com/themida.php}},

}

@misc{code,
    title = {Code Virtualizer},
    howpublished = {\url{http://www.oreans.com/codevirtualizer.php}},

}

@misc{vmp,
    title = {Vmprotect software. vmprotect},
     howpublished = {\url{http://vmpsoft.com}},

}



